% LaTeX2e file `books.bib'
% generated by the `filecontents' environment
% from source `./example-paper-OUT/example-paper' on 2019/09/18.
%
@book{Buch,
    author      = { Sihler, F },
    title       = { Toiletten und ihre tiefgründige Bedeutung für die Gesellschaft },
    year        = { 2019 },
    address     = { Ulm, Deutschland }
}
