@UNPUBLISHED{Beispiel,
author = "Oren Patashnik",
title = "{BibTeXing}",
note = "Documentation for general {BiBTeX} users",
month = "Hallo" # feb,
language = "USenglish",
year = 1988, }