%% LaTeX2e file `books.bib'
%% generated by the `filecontents' environment
%% from source `./paper-OUT/paper' on 2019/05/11.
%%
@inbook{ Kriesel2007NeuralNetworks,
    author      = { David Kriesel },
    title       = { Ein kleiner \"{U}berblick \"{u}ber Neuronale Netze },
    year        = { 2007 },
    chapter     = A,
    pages       = { 179-189 },
    publisher   = {Erh\"{a}ltlich auf \url{http://www.dkriesel.com}},
  }
